%YAML 1.1
%TAG !u! tag:unity3d.com,2011:
--- !u!114 &6554470156105461654
MonoBehaviour:
  m_ObjectHideFlags: 0
  m_CorrespondingSourceObject: {fileID: 0}
  m_PrefabInstance: {fileID: 0}
  m_PrefabAsset: {fileID: 0}
  m_GameObject: {fileID: 1265006770742011963}
  m_Enabled: 1
  m_EditorHideFlags: 0
  m_Script: {fileID: 11500000, guid: 6a4088a50a0f627418c86f66899e96d4, type: 3}
  m_Name: 
  m_EditorClassIdentifier: 
  showTriggerInterface: 0
  nodeEditorPos: {x: 0, y: 0}
  IsDisabled: 0
  name: 
  MaxActivationTimes: 0
  EventSource: {fileID: 0}
  StringParameter: 
  FloatParameter: 0
  IntParameter: 0
  IgnoreDisabled: 0
  showGenericEventTrigger: 1
  EventName: EquiparRobot
  EventParameter: R_Estatico_Torreta
  EventNumber: 0
  EventInteger: 0
--- !u!1 &1782644803050375060
GameObject:
  m_ObjectHideFlags: 0
  m_CorrespondingSourceObject: {fileID: 0}
  m_PrefabInstance: {fileID: 0}
  m_PrefabAsset: {fileID: 0}
  serializedVersion: 6
  m_Component:
  - component: {fileID: 4967943113745058479}
  - component: {fileID: 4504448960454630165}
  - component: {fileID: 941586920346900847}
  - component: {fileID: 7985045290520824556}
  - component: {fileID: 7604887452125091617}
  m_Layer: 5
  m_Name: UI_Prefab_R_Estatico_Torreta
  m_TagString: Untagged
  m_Icon: {fileID: 0}
  m_NavMeshLayer: 0
  m_StaticEditorFlags: 0
  m_IsActive: 1
--- !u!224 &4967943113745058479
RectTransform:
  m_ObjectHideFlags: 0
  m_CorrespondingSourceObject: {fileID: 0}
  m_PrefabInstance: {fileID: 0}
  m_PrefabAsset: {fileID: 0}
  m_GameObject: {fileID: 1782644803050375060}
  m_LocalRotation: {x: 0, y: 0, z: 0, w: 1}
  m_LocalPosition: {x: 0, y: 0, z: 0}
  m_LocalScale: {x: 1, y: 1, z: 1}
  m_Children:
  - {fileID: 8361229957416818953}
  m_Father: {fileID: 0}
  m_RootOrder: 0
  m_LocalEulerAnglesHint: {x: 0, y: 0, z: 0}
  m_AnchorMin: {x: 0.5, y: 0.5}
  m_AnchorMax: {x: 0.5, y: 0.5}
  m_AnchoredPosition: {x: 0, y: 0}
  m_SizeDelta: {x: 100, y: 100}
  m_Pivot: {x: 0.5, y: 0.5}
--- !u!222 &4504448960454630165
CanvasRenderer:
  m_ObjectHideFlags: 0
  m_CorrespondingSourceObject: {fileID: 0}
  m_PrefabInstance: {fileID: 0}
  m_PrefabAsset: {fileID: 0}
  m_GameObject: {fileID: 1782644803050375060}
  m_CullTransparentMesh: 1
--- !u!114 &941586920346900847
MonoBehaviour:
  m_ObjectHideFlags: 0
  m_CorrespondingSourceObject: {fileID: 0}
  m_PrefabInstance: {fileID: 0}
  m_PrefabAsset: {fileID: 0}
  m_GameObject: {fileID: 1782644803050375060}
  m_Enabled: 1
  m_EditorHideFlags: 0
  m_Script: {fileID: 11500000, guid: fe87c0e1cc204ed48ad3b37840f39efc, type: 3}
  m_Name: 
  m_EditorClassIdentifier: 
  m_Material: {fileID: 0}
  m_Color: {r: 1, g: 1, b: 1, a: 1}
  m_RaycastTarget: 1
  m_RaycastPadding: {x: 0, y: 0, z: 0, w: 0}
  m_Maskable: 1
  m_OnCullStateChanged:
    m_PersistentCalls:
      m_Calls: []
  m_Sprite: {fileID: 21300000, guid: 2843a2a9e2959624ab9d6613d4e4d707, type: 3}
  m_Type: 0
  m_PreserveAspect: 0
  m_FillCenter: 1
  m_FillMethod: 4
  m_FillAmount: 1
  m_FillClockwise: 1
  m_FillOrigin: 0
  m_UseSpriteMesh: 0
  m_PixelsPerUnitMultiplier: 1
--- !u!114 &7985045290520824556
MonoBehaviour:
  m_ObjectHideFlags: 0
  m_CorrespondingSourceObject: {fileID: 0}
  m_PrefabInstance: {fileID: 0}
  m_PrefabAsset: {fileID: 0}
  m_GameObject: {fileID: 1782644803050375060}
  m_Enabled: 1
  m_EditorHideFlags: 0
  m_Script: {fileID: 11500000, guid: 4e29b1a8efbd4b44bb3f3716e73f07ff, type: 3}
  m_Name: 
  m_EditorClassIdentifier: 
  m_Navigation:
    m_Mode: 3
    m_WrapAround: 0
    m_SelectOnUp: {fileID: 0}
    m_SelectOnDown: {fileID: 0}
    m_SelectOnLeft: {fileID: 0}
    m_SelectOnRight: {fileID: 0}
  m_Transition: 1
  m_Colors:
    m_NormalColor: {r: 1, g: 1, b: 1, a: 1}
    m_HighlightedColor: {r: 0.9607843, g: 0.9607843, b: 0.9607843, a: 1}
    m_PressedColor: {r: 0.78431374, g: 0.78431374, b: 0.78431374, a: 1}
    m_SelectedColor: {r: 0.9607843, g: 0.9607843, b: 0.9607843, a: 1}
    m_DisabledColor: {r: 0.78431374, g: 0.78431374, b: 0.78431374, a: 0.5019608}
    m_ColorMultiplier: 1
    m_FadeDuration: 0.1
  m_SpriteState:
    m_HighlightedSprite: {fileID: 0}
    m_PressedSprite: {fileID: 0}
    m_SelectedSprite: {fileID: 0}
    m_DisabledSprite: {fileID: 0}
  m_AnimationTriggers:
    m_NormalTrigger: Normal
    m_HighlightedTrigger: Highlighted
    m_PressedTrigger: Pressed
    m_SelectedTrigger: Selected
    m_DisabledTrigger: Disabled
  m_Interactable: 1
  m_TargetGraphic: {fileID: 941586920346900847}
  m_OnClick:
    m_PersistentCalls:
      m_Calls:
      - m_Target: {fileID: 7604887452125091617}
        m_TargetAssemblyTypeName: EnableObjectTrigger, Assembly-CSharp
        m_MethodName: Fire
        m_Mode: 1
        m_Arguments:
          m_ObjectArgument: {fileID: 0}
          m_ObjectArgumentAssemblyTypeName: UnityEngine.Object, UnityEngine
          m_IntArgument: 0
          m_FloatArgument: 0
          m_StringArgument: 
          m_BoolArgument: 0
        m_CallState: 2
--- !u!114 &7604887452125091617
MonoBehaviour:
  m_ObjectHideFlags: 0
  m_CorrespondingSourceObject: {fileID: 0}
  m_PrefabInstance: {fileID: 0}
  m_PrefabAsset: {fileID: 0}
  m_GameObject: {fileID: 1782644803050375060}
  m_Enabled: 1
  m_EditorHideFlags: 0
  m_Script: {fileID: 11500000, guid: 12654039f5f957f4aaf1453b2bc2be5f, type: 3}
  m_Name: 
  m_EditorClassIdentifier: 
  showTriggerInterface: 0
  nodeEditorPos: {x: 0, y: 0}
  IsDisabled: 0
  name: 
  MaxActivationTimes: 0
  EventSource: {fileID: 0}
  StringParameter: 
  FloatParameter: 0
  IntParameter: 0
  IgnoreDisabled: 0
  TheObject: {fileID: 2581029007765293155}
--- !u!1001 &4701750721900402247
PrefabInstance:
  m_ObjectHideFlags: 0
  serializedVersion: 2
  m_Modification:
    m_TransformParent: {fileID: 4967943113745058479}
    m_Modifications:
    - target: {fileID: 210641843505948273, guid: 449c07ec6f9f3a7478a1c0cc9a555fe7,
        type: 3}
      propertyPath: m_AnchoredPosition.y
      value: 13.2
      objectReference: {fileID: 0}
    - target: {fileID: 1952119513957802102, guid: 449c07ec6f9f3a7478a1c0cc9a555fe7,
        type: 3}
      propertyPath: m_Text
      value: Si
      objectReference: {fileID: 0}
    - target: {fileID: 3542074290635198972, guid: 449c07ec6f9f3a7478a1c0cc9a555fe7,
        type: 3}
      propertyPath: Triggers.Array.size
      value: 2
      objectReference: {fileID: 0}
    - target: {fileID: 3542074290635198972, guid: 449c07ec6f9f3a7478a1c0cc9a555fe7,
        type: 3}
      propertyPath: Triggers.Array.data[0]
      value: 
      objectReference: {fileID: 6554470156105461654}
    - target: {fileID: 3542074290635198972, guid: 449c07ec6f9f3a7478a1c0cc9a555fe7,
        type: 3}
      propertyPath: Triggers.Array.data[1]
      value: 
      objectReference: {fileID: 8507944010145414643}
    - target: {fileID: 3834523739377127246, guid: 449c07ec6f9f3a7478a1c0cc9a555fe7,
        type: 3}
      propertyPath: m_Pivot.x
      value: 0.5
      objectReference: {fileID: 0}
    - target: {fileID: 3834523739377127246, guid: 449c07ec6f9f3a7478a1c0cc9a555fe7,
        type: 3}
      propertyPath: m_Pivot.y
      value: 0.5
      objectReference: {fileID: 0}
    - target: {fileID: 3834523739377127246, guid: 449c07ec6f9f3a7478a1c0cc9a555fe7,
        type: 3}
      propertyPath: m_RootOrder
      value: 0
      objectReference: {fileID: 0}
    - target: {fileID: 3834523739377127246, guid: 449c07ec6f9f3a7478a1c0cc9a555fe7,
        type: 3}
      propertyPath: m_AnchorMax.x
      value: 0.5
      objectReference: {fileID: 0}
    - target: {fileID: 3834523739377127246, guid: 449c07ec6f9f3a7478a1c0cc9a555fe7,
        type: 3}
      propertyPath: m_AnchorMax.y
      value: 0.5
      objectReference: {fileID: 0}
    - target: {fileID: 3834523739377127246, guid: 449c07ec6f9f3a7478a1c0cc9a555fe7,
        type: 3}
      propertyPath: m_AnchorMin.x
      value: 0.5
      objectReference: {fileID: 0}
    - target: {fileID: 3834523739377127246, guid: 449c07ec6f9f3a7478a1c0cc9a555fe7,
        type: 3}
      propertyPath: m_AnchorMin.y
      value: 0.5
      objectReference: {fileID: 0}
    - target: {fileID: 3834523739377127246, guid: 449c07ec6f9f3a7478a1c0cc9a555fe7,
        type: 3}
      propertyPath: m_SizeDelta.x
      value: 242.1
      objectReference: {fileID: 0}
    - target: {fileID: 3834523739377127246, guid: 449c07ec6f9f3a7478a1c0cc9a555fe7,
        type: 3}
      propertyPath: m_SizeDelta.y
      value: 123.7
      objectReference: {fileID: 0}
    - target: {fileID: 3834523739377127246, guid: 449c07ec6f9f3a7478a1c0cc9a555fe7,
        type: 3}
      propertyPath: m_LocalPosition.x
      value: 0
      objectReference: {fileID: 0}
    - target: {fileID: 3834523739377127246, guid: 449c07ec6f9f3a7478a1c0cc9a555fe7,
        type: 3}
      propertyPath: m_LocalPosition.y
      value: 0
      objectReference: {fileID: 0}
    - target: {fileID: 3834523739377127246, guid: 449c07ec6f9f3a7478a1c0cc9a555fe7,
        type: 3}
      propertyPath: m_LocalPosition.z
      value: 0
      objectReference: {fileID: 0}
    - target: {fileID: 3834523739377127246, guid: 449c07ec6f9f3a7478a1c0cc9a555fe7,
        type: 3}
      propertyPath: m_LocalRotation.w
      value: 1
      objectReference: {fileID: 0}
    - target: {fileID: 3834523739377127246, guid: 449c07ec6f9f3a7478a1c0cc9a555fe7,
        type: 3}
      propertyPath: m_LocalRotation.x
      value: -0
      objectReference: {fileID: 0}
    - target: {fileID: 3834523739377127246, guid: 449c07ec6f9f3a7478a1c0cc9a555fe7,
        type: 3}
      propertyPath: m_LocalRotation.y
      value: -0
      objectReference: {fileID: 0}
    - target: {fileID: 3834523739377127246, guid: 449c07ec6f9f3a7478a1c0cc9a555fe7,
        type: 3}
      propertyPath: m_LocalRotation.z
      value: -0
      objectReference: {fileID: 0}
    - target: {fileID: 3834523739377127246, guid: 449c07ec6f9f3a7478a1c0cc9a555fe7,
        type: 3}
      propertyPath: m_AnchoredPosition.x
      value: 0
      objectReference: {fileID: 0}
    - target: {fileID: 3834523739377127246, guid: 449c07ec6f9f3a7478a1c0cc9a555fe7,
        type: 3}
      propertyPath: m_AnchoredPosition.y
      value: 0
      objectReference: {fileID: 0}
    - target: {fileID: 3834523739377127246, guid: 449c07ec6f9f3a7478a1c0cc9a555fe7,
        type: 3}
      propertyPath: m_LocalEulerAnglesHint.x
      value: 0
      objectReference: {fileID: 0}
    - target: {fileID: 3834523739377127246, guid: 449c07ec6f9f3a7478a1c0cc9a555fe7,
        type: 3}
      propertyPath: m_LocalEulerAnglesHint.y
      value: 0
      objectReference: {fileID: 0}
    - target: {fileID: 3834523739377127246, guid: 449c07ec6f9f3a7478a1c0cc9a555fe7,
        type: 3}
      propertyPath: m_LocalEulerAnglesHint.z
      value: 0
      objectReference: {fileID: 0}
    - target: {fileID: 3893545018424585422, guid: 449c07ec6f9f3a7478a1c0cc9a555fe7,
        type: 3}
      propertyPath: m_Text
      value: "\xBFEquipar este tipo de robot?\n"
      objectReference: {fileID: 0}
    - target: {fileID: 7128724783593365028, guid: 449c07ec6f9f3a7478a1c0cc9a555fe7,
        type: 3}
      propertyPath: m_Name
      value: Confirmacion_UI
      objectReference: {fileID: 0}
    - target: {fileID: 7128724783593365028, guid: 449c07ec6f9f3a7478a1c0cc9a555fe7,
        type: 3}
      propertyPath: m_IsActive
      value: 0
      objectReference: {fileID: 0}
    m_RemovedComponents: []
  m_SourcePrefab: {fileID: 100100000, guid: 449c07ec6f9f3a7478a1c0cc9a555fe7, type: 3}
--- !u!1 &2581029007765293155 stripped
GameObject:
  m_CorrespondingSourceObject: {fileID: 7128724783593365028, guid: 449c07ec6f9f3a7478a1c0cc9a555fe7,
    type: 3}
  m_PrefabInstance: {fileID: 4701750721900402247}
  m_PrefabAsset: {fileID: 0}
--- !u!224 &8361229957416818953 stripped
RectTransform:
  m_CorrespondingSourceObject: {fileID: 3834523739377127246, guid: 449c07ec6f9f3a7478a1c0cc9a555fe7,
    type: 3}
  m_PrefabInstance: {fileID: 4701750721900402247}
  m_PrefabAsset: {fileID: 0}
--- !u!1 &1265006770742011963 stripped
GameObject:
  m_CorrespondingSourceObject: {fileID: 5814654725177867900, guid: 449c07ec6f9f3a7478a1c0cc9a555fe7,
    type: 3}
  m_PrefabInstance: {fileID: 4701750721900402247}
  m_PrefabAsset: {fileID: 0}
--- !u!114 &8507944010145414643 stripped
MonoBehaviour:
  m_CorrespondingSourceObject: {fileID: 3976031266321361844, guid: 449c07ec6f9f3a7478a1c0cc9a555fe7,
    type: 3}
  m_PrefabInstance: {fileID: 4701750721900402247}
  m_PrefabAsset: {fileID: 0}
  m_GameObject: {fileID: 1265006770742011963}
  m_Enabled: 1
  m_EditorHideFlags: 0
  m_Script: {fileID: 11500000, guid: 620aff2e734ebec40a5ea43aaa0aef82, type: 3}
  m_Name: 
  m_EditorClassIdentifier: 
