%YAML 1.1
%TAG !u! tag:unity3d.com,2011:
--- !u!1 &8111208365659300121
GameObject:
  m_ObjectHideFlags: 0
  m_CorrespondingSourceObject: {fileID: 0}
  m_PrefabInstance: {fileID: 0}
  m_PrefabAsset: {fileID: 0}
  serializedVersion: 6
  m_Component:
  - component: {fileID: 8111208365659300124}
  - component: {fileID: 8111208365659300125}
  - component: {fileID: 8111208365659300122}
  - component: {fileID: 8111208365659300123}
  - component: {fileID: 8111208365659300120}
  - component: {fileID: 5753700471837815580}
  m_Layer: 6
  m_Name: AllyRobot(Normal Turret and static)
  m_TagString: Untagged
  m_Icon: {fileID: 0}
  m_NavMeshLayer: 0
  m_StaticEditorFlags: 0
  m_IsActive: 1
--- !u!4 &8111208365659300124
Transform:
  m_ObjectHideFlags: 0
  m_CorrespondingSourceObject: {fileID: 0}
  m_PrefabInstance: {fileID: 0}
  m_PrefabAsset: {fileID: 0}
  m_GameObject: {fileID: 8111208365659300121}
  m_LocalRotation: {x: 0, y: 0, z: 0, w: 1}
  m_LocalPosition: {x: 0, y: 0, z: 0}
  m_LocalScale: {x: 1, y: 1, z: 1}
  m_Children:
  - {fileID: 4866017281695044604}
  - {fileID: 8111208366900989129}
  - {fileID: 4754436965642896205}
  - {fileID: 1035181380601801370}
  m_Father: {fileID: 0}
  m_RootOrder: 0
  m_LocalEulerAnglesHint: {x: 0, y: 0, z: 0}
--- !u!195 &8111208365659300125
NavMeshAgent:
  m_ObjectHideFlags: 0
  m_CorrespondingSourceObject: {fileID: 0}
  m_PrefabInstance: {fileID: 0}
  m_PrefabAsset: {fileID: 0}
  m_GameObject: {fileID: 8111208365659300121}
  m_Enabled: 1
  m_AgentTypeID: 0
  m_Radius: 0.32
  m_Speed: 3.5
  m_Acceleration: 8
  avoidancePriority: 50
  m_AngularSpeed: 120
  m_StoppingDistance: 2
  m_AutoTraverseOffMeshLink: 1
  m_AutoBraking: 1
  m_AutoRepath: 1
  m_Height: 0.5
  m_BaseOffset: 0
  m_WalkableMask: 4294967295
  m_ObstacleAvoidanceType: 4
--- !u!65 &8111208365659300122
BoxCollider:
  m_ObjectHideFlags: 0
  m_CorrespondingSourceObject: {fileID: 0}
  m_PrefabInstance: {fileID: 0}
  m_PrefabAsset: {fileID: 0}
  m_GameObject: {fileID: 8111208365659300121}
  m_Material: {fileID: 0}
  m_IsTrigger: 0
  m_Enabled: 1
  serializedVersion: 2
  m_Size: {x: 0.5, y: 1.0887191, z: 0.5}
  m_Center: {x: 0, y: 0.57435954, z: 0}
--- !u!54 &8111208365659300123
Rigidbody:
  m_ObjectHideFlags: 0
  m_CorrespondingSourceObject: {fileID: 0}
  m_PrefabInstance: {fileID: 0}
  m_PrefabAsset: {fileID: 0}
  m_GameObject: {fileID: 8111208365659300121}
  serializedVersion: 2
  m_Mass: 1
  m_Drag: 0
  m_AngularDrag: 0.05
  m_UseGravity: 1
  m_IsKinematic: 0
  m_Interpolate: 0
  m_Constraints: 84
  m_CollisionDetection: 0
--- !u!114 &8111208365659300120
MonoBehaviour:
  m_ObjectHideFlags: 0
  m_CorrespondingSourceObject: {fileID: 0}
  m_PrefabInstance: {fileID: 0}
  m_PrefabAsset: {fileID: 0}
  m_GameObject: {fileID: 8111208365659300121}
  m_Enabled: 1
  m_EditorHideFlags: 0
  m_Script: {fileID: 11500000, guid: 9901c82950d5a7448b0b10d6dab57655, type: 3}
  m_Name: 
  m_EditorClassIdentifier: 
  speed: 20
  radius: 5
  tipoDeComportamiento: 0
--- !u!114 &5753700471837815580
MonoBehaviour:
  m_ObjectHideFlags: 0
  m_CorrespondingSourceObject: {fileID: 0}
  m_PrefabInstance: {fileID: 0}
  m_PrefabAsset: {fileID: 0}
  m_GameObject: {fileID: 8111208365659300121}
  m_Enabled: 1
  m_EditorHideFlags: 0
  m_Script: {fileID: 11500000, guid: dd3311322a62daf4982c0dcb6bb81f35, type: 3}
  m_Name: 
  m_EditorClassIdentifier: 
  slider: {fileID: 4754436964299558844}
  MaxHealth: 20
  InitialHealth: 20
  OnDamageTrigger: {fileID: 5110794697674593624}
  OnDeathTrigger: {fileID: 6642100360119283339}
  damageTrigger: {fileID: 0}
  damageSource: {fileID: 0}
  damageAmountTaken: 0
--- !u!1 &8111208366900989126
GameObject:
  m_ObjectHideFlags: 0
  m_CorrespondingSourceObject: {fileID: 0}
  m_PrefabInstance: {fileID: 0}
  m_PrefabAsset: {fileID: 0}
  serializedVersion: 6
  m_Component:
  - component: {fileID: 8111208366900989129}
  - component: {fileID: 8111208366900989131}
  - component: {fileID: 8111208366900989128}
  m_Layer: 6
  m_Name: LowerPartMesh
  m_TagString: Untagged
  m_Icon: {fileID: 0}
  m_NavMeshLayer: 0
  m_StaticEditorFlags: 0
  m_IsActive: 1
--- !u!4 &8111208366900989129
Transform:
  m_ObjectHideFlags: 0
  m_CorrespondingSourceObject: {fileID: 0}
  m_PrefabInstance: {fileID: 0}
  m_PrefabAsset: {fileID: 0}
  m_GameObject: {fileID: 8111208366900989126}
  m_LocalRotation: {x: -0, y: -0, z: -0, w: 1}
  m_LocalPosition: {x: 0, y: 0.27400017, z: 0}
  m_LocalScale: {x: 0.5, y: 0.5, z: 0.5}
  m_Children: []
  m_Father: {fileID: 8111208365659300124}
  m_RootOrder: 1
  m_LocalEulerAnglesHint: {x: 0, y: 0, z: 0}
--- !u!33 &8111208366900989131
MeshFilter:
  m_ObjectHideFlags: 0
  m_CorrespondingSourceObject: {fileID: 0}
  m_PrefabInstance: {fileID: 0}
  m_PrefabAsset: {fileID: 0}
  m_GameObject: {fileID: 8111208366900989126}
  m_Mesh: {fileID: 10202, guid: 0000000000000000e000000000000000, type: 0}
--- !u!23 &8111208366900989128
MeshRenderer:
  m_ObjectHideFlags: 0
  m_CorrespondingSourceObject: {fileID: 0}
  m_PrefabInstance: {fileID: 0}
  m_PrefabAsset: {fileID: 0}
  m_GameObject: {fileID: 8111208366900989126}
  m_Enabled: 1
  m_CastShadows: 1
  m_ReceiveShadows: 1
  m_DynamicOccludee: 1
  m_StaticShadowCaster: 0
  m_MotionVectors: 1
  m_LightProbeUsage: 1
  m_ReflectionProbeUsage: 1
  m_RayTracingMode: 2
  m_RayTraceProcedural: 0
  m_RenderingLayerMask: 1
  m_RendererPriority: 0
  m_Materials:
  - {fileID: 10303, guid: 0000000000000000f000000000000000, type: 0}
  m_StaticBatchInfo:
    firstSubMesh: 0
    subMeshCount: 0
  m_StaticBatchRoot: {fileID: 0}
  m_ProbeAnchor: {fileID: 0}
  m_LightProbeVolumeOverride: {fileID: 0}
  m_ScaleInLightmap: 1
  m_ReceiveGI: 1
  m_PreserveUVs: 0
  m_IgnoreNormalsForChartDetection: 0
  m_ImportantGI: 0
  m_StitchLightmapSeams: 1
  m_SelectedEditorRenderState: 3
  m_MinimumChartSize: 4
  m_AutoUVMaxDistance: 0.5
  m_AutoUVMaxAngle: 89
  m_LightmapParameters: {fileID: 0}
  m_SortingLayerID: 0
  m_SortingLayer: 0
  m_SortingOrder: 0
  m_AdditionalVertexStreams: {fileID: 0}
--- !u!1001 &2269053879432151581
PrefabInstance:
  m_ObjectHideFlags: 0
  serializedVersion: 2
  m_Modification:
    m_TransformParent: {fileID: 8111208365659300124}
    m_Modifications:
    - target: {fileID: 6811249416176487841, guid: 155eeb3b8faa210468f4e8df909681be,
        type: 3}
      propertyPath: m_Value
      value: 20
      objectReference: {fileID: 0}
    - target: {fileID: 6811249416176487841, guid: 155eeb3b8faa210468f4e8df909681be,
        type: 3}
      propertyPath: m_MaxValue
      value: 20
      objectReference: {fileID: 0}
    - target: {fileID: 6811249416238108886, guid: 155eeb3b8faa210468f4e8df909681be,
        type: 3}
      propertyPath: m_AnchorMax.x
      value: 0
      objectReference: {fileID: 0}
    - target: {fileID: 6811249416238108886, guid: 155eeb3b8faa210468f4e8df909681be,
        type: 3}
      propertyPath: m_AnchorMax.y
      value: 0
      objectReference: {fileID: 0}
    - target: {fileID: 6811249416983740752, guid: 155eeb3b8faa210468f4e8df909681be,
        type: 3}
      propertyPath: m_Pivot.x
      value: 0.5
      objectReference: {fileID: 0}
    - target: {fileID: 6811249416983740752, guid: 155eeb3b8faa210468f4e8df909681be,
        type: 3}
      propertyPath: m_Pivot.y
      value: 0.5
      objectReference: {fileID: 0}
    - target: {fileID: 6811249416983740752, guid: 155eeb3b8faa210468f4e8df909681be,
        type: 3}
      propertyPath: m_RootOrder
      value: 2
      objectReference: {fileID: 0}
    - target: {fileID: 6811249416983740752, guid: 155eeb3b8faa210468f4e8df909681be,
        type: 3}
      propertyPath: m_AnchorMax.x
      value: 0
      objectReference: {fileID: 0}
    - target: {fileID: 6811249416983740752, guid: 155eeb3b8faa210468f4e8df909681be,
        type: 3}
      propertyPath: m_AnchorMax.y
      value: 0
      objectReference: {fileID: 0}
    - target: {fileID: 6811249416983740752, guid: 155eeb3b8faa210468f4e8df909681be,
        type: 3}
      propertyPath: m_AnchorMin.x
      value: 0
      objectReference: {fileID: 0}
    - target: {fileID: 6811249416983740752, guid: 155eeb3b8faa210468f4e8df909681be,
        type: 3}
      propertyPath: m_AnchorMin.y
      value: 0
      objectReference: {fileID: 0}
    - target: {fileID: 6811249416983740752, guid: 155eeb3b8faa210468f4e8df909681be,
        type: 3}
      propertyPath: m_SizeDelta.x
      value: 2
      objectReference: {fileID: 0}
    - target: {fileID: 6811249416983740752, guid: 155eeb3b8faa210468f4e8df909681be,
        type: 3}
      propertyPath: m_SizeDelta.y
      value: 0.5
      objectReference: {fileID: 0}
    - target: {fileID: 6811249416983740752, guid: 155eeb3b8faa210468f4e8df909681be,
        type: 3}
      propertyPath: m_LocalPosition.x
      value: 0
      objectReference: {fileID: 0}
    - target: {fileID: 6811249416983740752, guid: 155eeb3b8faa210468f4e8df909681be,
        type: 3}
      propertyPath: m_LocalPosition.y
      value: 0
      objectReference: {fileID: 0}
    - target: {fileID: 6811249416983740752, guid: 155eeb3b8faa210468f4e8df909681be,
        type: 3}
      propertyPath: m_LocalPosition.z
      value: 0
      objectReference: {fileID: 0}
    - target: {fileID: 6811249416983740752, guid: 155eeb3b8faa210468f4e8df909681be,
        type: 3}
      propertyPath: m_LocalRotation.w
      value: 0
      objectReference: {fileID: 0}
    - target: {fileID: 6811249416983740752, guid: 155eeb3b8faa210468f4e8df909681be,
        type: 3}
      propertyPath: m_LocalRotation.x
      value: 0
      objectReference: {fileID: 0}
    - target: {fileID: 6811249416983740752, guid: 155eeb3b8faa210468f4e8df909681be,
        type: 3}
      propertyPath: m_LocalRotation.y
      value: 1
      objectReference: {fileID: 0}
    - target: {fileID: 6811249416983740752, guid: 155eeb3b8faa210468f4e8df909681be,
        type: 3}
      propertyPath: m_LocalRotation.z
      value: 0
      objectReference: {fileID: 0}
    - target: {fileID: 6811249416983740752, guid: 155eeb3b8faa210468f4e8df909681be,
        type: 3}
      propertyPath: m_AnchoredPosition.x
      value: 0
      objectReference: {fileID: 0}
    - target: {fileID: 6811249416983740752, guid: 155eeb3b8faa210468f4e8df909681be,
        type: 3}
      propertyPath: m_AnchoredPosition.y
      value: 1.51
      objectReference: {fileID: 0}
    - target: {fileID: 6811249416983740752, guid: 155eeb3b8faa210468f4e8df909681be,
        type: 3}
      propertyPath: m_LocalEulerAnglesHint.x
      value: 0
      objectReference: {fileID: 0}
    - target: {fileID: 6811249416983740752, guid: 155eeb3b8faa210468f4e8df909681be,
        type: 3}
      propertyPath: m_LocalEulerAnglesHint.y
      value: 180
      objectReference: {fileID: 0}
    - target: {fileID: 6811249416983740752, guid: 155eeb3b8faa210468f4e8df909681be,
        type: 3}
      propertyPath: m_LocalEulerAnglesHint.z
      value: 0
      objectReference: {fileID: 0}
    - target: {fileID: 6811249416983740759, guid: 155eeb3b8faa210468f4e8df909681be,
        type: 3}
      propertyPath: m_Name
      value: DamageCanvas
      objectReference: {fileID: 0}
    m_RemovedComponents: []
  m_SourcePrefab: {fileID: 100100000, guid: 155eeb3b8faa210468f4e8df909681be, type: 3}
--- !u!224 &4754436965642896205 stripped
RectTransform:
  m_CorrespondingSourceObject: {fileID: 6811249416983740752, guid: 155eeb3b8faa210468f4e8df909681be,
    type: 3}
  m_PrefabInstance: {fileID: 2269053879432151581}
  m_PrefabAsset: {fileID: 0}
--- !u!114 &4754436964959913870 stripped
MonoBehaviour:
  m_CorrespondingSourceObject: {fileID: 6811249417533425043, guid: 155eeb3b8faa210468f4e8df909681be,
    type: 3}
  m_PrefabInstance: {fileID: 2269053879432151581}
  m_PrefabAsset: {fileID: 0}
  m_GameObject: {fileID: 0}
  m_Enabled: 1
  m_EditorHideFlags: 0
  m_Script: {fileID: 11500000, guid: 5f7201a12d95ffc409449d95f23cf332, type: 3}
  m_Name: 
  m_EditorClassIdentifier: 
--- !u!95 &4754436964959913856 stripped
Animator:
  m_CorrespondingSourceObject: {fileID: 6811249417533425053, guid: 155eeb3b8faa210468f4e8df909681be,
    type: 3}
  m_PrefabInstance: {fileID: 2269053879432151581}
  m_PrefabAsset: {fileID: 0}
--- !u!114 &4754436964299558844 stripped
MonoBehaviour:
  m_CorrespondingSourceObject: {fileID: 6811249416176487841, guid: 155eeb3b8faa210468f4e8df909681be,
    type: 3}
  m_PrefabInstance: {fileID: 2269053879432151581}
  m_PrefabAsset: {fileID: 0}
  m_GameObject: {fileID: 0}
  m_Enabled: 1
  m_EditorHideFlags: 0
  m_Script: {fileID: 11500000, guid: 67db9e8f0e2ae9c40bc1e2b64352a6b4, type: 3}
  m_Name: 
  m_EditorClassIdentifier: 
--- !u!1001 &5970803740327045740
PrefabInstance:
  m_ObjectHideFlags: 0
  serializedVersion: 2
  m_Modification:
    m_TransformParent: {fileID: 8111208365659300124}
    m_Modifications:
    - target: {fileID: 791564849312985046, guid: 3f12e4a6254d84a4ca6d43cdb17c00ef,
        type: 3}
      propertyPath: text
      value: 
      objectReference: {fileID: 4754436964959913870}
    - target: {fileID: 1955455850934607122, guid: 3f12e4a6254d84a4ca6d43cdb17c00ef,
        type: 3}
      propertyPath: m_Name
      value: HealthBehavoiur
      objectReference: {fileID: 0}
    - target: {fileID: 2620461200786102718, guid: 3f12e4a6254d84a4ca6d43cdb17c00ef,
        type: 3}
      propertyPath: TheObject
      value: 
      objectReference: {fileID: 8111208365659300121}
    - target: {fileID: 4765772167811063334, guid: 3f12e4a6254d84a4ca6d43cdb17c00ef,
        type: 3}
      propertyPath: Animator
      value: 
      objectReference: {fileID: 4754436964959913856}
    - target: {fileID: 6665676710301270262, guid: 3f12e4a6254d84a4ca6d43cdb17c00ef,
        type: 3}
      propertyPath: m_RootOrder
      value: 3
      objectReference: {fileID: 0}
    - target: {fileID: 6665676710301270262, guid: 3f12e4a6254d84a4ca6d43cdb17c00ef,
        type: 3}
      propertyPath: m_LocalPosition.x
      value: 0
      objectReference: {fileID: 0}
    - target: {fileID: 6665676710301270262, guid: 3f12e4a6254d84a4ca6d43cdb17c00ef,
        type: 3}
      propertyPath: m_LocalPosition.y
      value: 0
      objectReference: {fileID: 0}
    - target: {fileID: 6665676710301270262, guid: 3f12e4a6254d84a4ca6d43cdb17c00ef,
        type: 3}
      propertyPath: m_LocalPosition.z
      value: 0
      objectReference: {fileID: 0}
    - target: {fileID: 6665676710301270262, guid: 3f12e4a6254d84a4ca6d43cdb17c00ef,
        type: 3}
      propertyPath: m_LocalRotation.w
      value: 1
      objectReference: {fileID: 0}
    - target: {fileID: 6665676710301270262, guid: 3f12e4a6254d84a4ca6d43cdb17c00ef,
        type: 3}
      propertyPath: m_LocalRotation.x
      value: 0
      objectReference: {fileID: 0}
    - target: {fileID: 6665676710301270262, guid: 3f12e4a6254d84a4ca6d43cdb17c00ef,
        type: 3}
      propertyPath: m_LocalRotation.y
      value: 0
      objectReference: {fileID: 0}
    - target: {fileID: 6665676710301270262, guid: 3f12e4a6254d84a4ca6d43cdb17c00ef,
        type: 3}
      propertyPath: m_LocalRotation.z
      value: 0
      objectReference: {fileID: 0}
    - target: {fileID: 6665676710301270262, guid: 3f12e4a6254d84a4ca6d43cdb17c00ef,
        type: 3}
      propertyPath: m_LocalEulerAnglesHint.x
      value: 0
      objectReference: {fileID: 0}
    - target: {fileID: 6665676710301270262, guid: 3f12e4a6254d84a4ca6d43cdb17c00ef,
        type: 3}
      propertyPath: m_LocalEulerAnglesHint.y
      value: 0
      objectReference: {fileID: 0}
    - target: {fileID: 6665676710301270262, guid: 3f12e4a6254d84a4ca6d43cdb17c00ef,
        type: 3}
      propertyPath: m_LocalEulerAnglesHint.z
      value: 0
      objectReference: {fileID: 0}
    m_RemovedComponents: []
  m_SourcePrefab: {fileID: 100100000, guid: 3f12e4a6254d84a4ca6d43cdb17c00ef, type: 3}
--- !u!4 &1035181380601801370 stripped
Transform:
  m_CorrespondingSourceObject: {fileID: 6665676710301270262, guid: 3f12e4a6254d84a4ca6d43cdb17c00ef,
    type: 3}
  m_PrefabInstance: {fileID: 5970803740327045740}
  m_PrefabAsset: {fileID: 0}
--- !u!114 &5110794697674593624 stripped
MonoBehaviour:
  m_CorrespondingSourceObject: {fileID: 1455154088174714676, guid: 3f12e4a6254d84a4ca6d43cdb17c00ef,
    type: 3}
  m_PrefabInstance: {fileID: 5970803740327045740}
  m_PrefabAsset: {fileID: 0}
  m_GameObject: {fileID: 0}
  m_Enabled: 1
  m_EditorHideFlags: 0
  m_Script: {fileID: 11500000, guid: 107eb833122e64684bdb683e0452051f, type: 3}
  m_Name: 
  m_EditorClassIdentifier: 
--- !u!114 &6642100360119283339 stripped
MonoBehaviour:
  m_CorrespondingSourceObject: {fileID: 1076911492460381415, guid: 3f12e4a6254d84a4ca6d43cdb17c00ef,
    type: 3}
  m_PrefabInstance: {fileID: 5970803740327045740}
  m_PrefabAsset: {fileID: 0}
  m_GameObject: {fileID: 0}
  m_Enabled: 1
  m_EditorHideFlags: 0
  m_Script: {fileID: 11500000, guid: 107eb833122e64684bdb683e0452051f, type: 3}
  m_Name: 
  m_EditorClassIdentifier: 
--- !u!1001 &7212646152151159521
PrefabInstance:
  m_ObjectHideFlags: 0
  serializedVersion: 2
  m_Modification:
    m_TransformParent: {fileID: 8111208365659300124}
    m_Modifications:
    - target: {fileID: 2855255336176484637, guid: 06275cd479dad41418f0bb48126fc433,
        type: 3}
      propertyPath: m_RootOrder
      value: 0
      objectReference: {fileID: 0}
    - target: {fileID: 2855255336176484637, guid: 06275cd479dad41418f0bb48126fc433,
        type: 3}
      propertyPath: m_LocalPosition.x
      value: 0
      objectReference: {fileID: 0}
    - target: {fileID: 2855255336176484637, guid: 06275cd479dad41418f0bb48126fc433,
        type: 3}
      propertyPath: m_LocalPosition.y
      value: 0.514
      objectReference: {fileID: 0}
    - target: {fileID: 2855255336176484637, guid: 06275cd479dad41418f0bb48126fc433,
        type: 3}
      propertyPath: m_LocalPosition.z
      value: 0
      objectReference: {fileID: 0}
    - target: {fileID: 2855255336176484637, guid: 06275cd479dad41418f0bb48126fc433,
        type: 3}
      propertyPath: m_LocalRotation.w
      value: 1
      objectReference: {fileID: 0}
    - target: {fileID: 2855255336176484637, guid: 06275cd479dad41418f0bb48126fc433,
        type: 3}
      propertyPath: m_LocalRotation.x
      value: -0
      objectReference: {fileID: 0}
    - target: {fileID: 2855255336176484637, guid: 06275cd479dad41418f0bb48126fc433,
        type: 3}
      propertyPath: m_LocalRotation.y
      value: -0
      objectReference: {fileID: 0}
    - target: {fileID: 2855255336176484637, guid: 06275cd479dad41418f0bb48126fc433,
        type: 3}
      propertyPath: m_LocalRotation.z
      value: -0
      objectReference: {fileID: 0}
    - target: {fileID: 2855255336176484637, guid: 06275cd479dad41418f0bb48126fc433,
        type: 3}
      propertyPath: m_LocalEulerAnglesHint.x
      value: 0
      objectReference: {fileID: 0}
    - target: {fileID: 2855255336176484637, guid: 06275cd479dad41418f0bb48126fc433,
        type: 3}
      propertyPath: m_LocalEulerAnglesHint.y
      value: 0
      objectReference: {fileID: 0}
    - target: {fileID: 2855255336176484637, guid: 06275cd479dad41418f0bb48126fc433,
        type: 3}
      propertyPath: m_LocalEulerAnglesHint.z
      value: 0
      objectReference: {fileID: 0}
    - target: {fileID: 3230267534265998247, guid: 06275cd479dad41418f0bb48126fc433,
        type: 3}
      propertyPath: m_Name
      value: TopPart
      objectReference: {fileID: 0}
    - target: {fileID: 3230267534265998247, guid: 06275cd479dad41418f0bb48126fc433,
        type: 3}
      propertyPath: m_Layer
      value: 6
      objectReference: {fileID: 0}
    - target: {fileID: 3252085929831908528, guid: 06275cd479dad41418f0bb48126fc433,
        type: 3}
      propertyPath: m_Layer
      value: 6
      objectReference: {fileID: 0}
    - target: {fileID: 4061276320186182184, guid: 06275cd479dad41418f0bb48126fc433,
        type: 3}
      propertyPath: fireRate
      value: 0.5
      objectReference: {fileID: 0}
    - target: {fileID: 4061276320186182184, guid: 06275cd479dad41418f0bb48126fc433,
        type: 3}
      propertyPath: firePoint
      value: 
      objectReference: {fileID: 2061604481514456399}
    - target: {fileID: 6415093615781001987, guid: 06275cd479dad41418f0bb48126fc433,
        type: 3}
      propertyPath: m_Layer
      value: 6
      objectReference: {fileID: 0}
    - target: {fileID: 8505839940337905679, guid: 06275cd479dad41418f0bb48126fc433,
        type: 3}
      propertyPath: m_Layer
      value: 6
      objectReference: {fileID: 0}
    - target: {fileID: 8922083000610794526, guid: 06275cd479dad41418f0bb48126fc433,
        type: 3}
      propertyPath: m_Layer
      value: 6
      objectReference: {fileID: 0}
    m_RemovedComponents: []
  m_SourcePrefab: {fileID: 100100000, guid: 06275cd479dad41418f0bb48126fc433, type: 3}
--- !u!4 &4866017281695044604 stripped
Transform:
  m_CorrespondingSourceObject: {fileID: 2855255336176484637, guid: 06275cd479dad41418f0bb48126fc433,
    type: 3}
  m_PrefabInstance: {fileID: 7212646152151159521}
  m_PrefabAsset: {fileID: 0}
--- !u!4 &2061604481514456399 stripped
Transform:
  m_CorrespondingSourceObject: {fileID: 8684133242435737518, guid: 06275cd479dad41418f0bb48126fc433,
    type: 3}
  m_PrefabInstance: {fileID: 7212646152151159521}
  m_PrefabAsset: {fileID: 0}
